<?xml version="1.0" encoding="UTF-8"?><collection xmlns="http://www.loc.gov/MARC21/slim"><record><leader>00372nam--2200133-i-4500</leader><controlfield tag="001">000015109</controlfield><controlfield tag="002">20161230</controlfield><controlfield tag="005">20161230201031</controlfield><controlfield tag="008">060222s1000------------r-----000-0-eng-d</controlfield><datafield ind1=" " ind2=" " tag="080"><subfield code="a">535.372.373</subfield></datafield><datafield ind1=" " ind2=" " tag="100"><subfield code="a">Becker, Ralph S</subfield></datafield><datafield ind1=" " ind2=" " tag="245"><subfield code="a">Theory and interpretation of fluorescence and phosphorescence</subfield></datafield><datafield ind1=" " ind2=" " tag="260"><subfield code="a">New York, Wiley Interscience, 1969 Xiv + 283 P</subfield></datafield><datafield ind1=" " ind2=" " tag="852"><subfield code="a">77327</subfield></datafield></record></collection>